% Bibliografía

% Este fichero contiene la bibliografía de la memoria
% Está en un formato que se conoce como BibTex.
% Hay muchos sitios web que exportan referencias en formato BibTeX. 
% Prueba a buscar en http://scholar.google.com por referencias
% y verás que lo puedes hacer de manera sencilla.
% Más información: 
% http://texblog.org/2014/04/22/using-google-scholar-to-download-bibtex-citations/

% Existen varias posibilidades para referenciar diferentes tipos de documentos,
% ya que los datos necesarios varían. Así, existen formatos de entrada para
%     * libros (book)
%     * artículos en revistas de investigación (article)
%     * capítulos de libro (incollection)
%     * informes técnicos (techreport)
%     * otros (misc)
%
% Las páginas web deberían ir como misc.

% Una última cosa: no referencias nunca la WikiPedia
% La WikiPedia, como buena enciclopedia, no es fuente primaria.
% Si acaso, busca por citas en la WikiPedia (que sí ha de referenciar fuentes
% primarias) y haz referencia a las mismas.



@Book{gauchat2012gran,
	title={El gran libro de HTML5, CSS3 y Javascript},
	author={Juan Diego Gauchat},
	publisher={Marcombo},
	year={2012}
}

@Misc{mdnhtml,
	author={MDN contributors},
	title={MDN Web Docs: HTML},
	year={2021},
	url={https://developer.mozilla.org/es/docs/Web/HTML}
}

@Misc{mdncss,
	author={MDN contributors},
	title={MDN Web Docs: CSS},
	year={2021},
	url={https://developer.mozilla.org/es/docs/Web/CSS}
}

@Misc{typescript,
	author={Microsoft},
	title={TypesScript Doc},
	year={2012},
	url={https://www.typescriptlang.org/docs}
}

@Misc{nodejs,
    author={Ryan Dahl},
    title={Node.js Doc},
    year={2009  },
    url={https://nodejs.org/es/docs}
}

@Misc{angularjs,
    author={Google},
    title={Angular web page},
    year={2010},
    url={https://angularjs.org}
}

@Misc{mvc,
    author={MarketiWeb},
    title={Modelo Vista Controlador, características y ventajas},
    url={https://marketiweb.com/empresa/blog/item/114-que-es-la-arquitectura-mvc-y-cuales-son-sus-ventajas}
}

@Misc{angularcli,
    author={Angular},
    title={Angular CLI Doc},
    url={https://angular.io/cli}
}

@Article{mate2014big,
  title={Big data. Un nuevo paradigma de an{\'a}lisis de datos},
  author={Mat{\'e} Jim{\'e}nez, Carlos},
  year={2014}
}

@Misc{cantidad-datos,
	title={Cantidad real y prevista de datos generados en todo el mundo},
	author={es.statista},
	url={https://es.statista.com/grafico/17734/cantidad-real-y-prevista-de-datos-generados-en-todo-el-mundo/}
}

@Incollection{zhang2020machine,
  title={Machine learning},
  author={Zhang, Xian-Da},
  booktitle={A Matrix Algebra Approach to Artificial Intelligence},
  pages={223--440},
  year={2020},
  publisher={Springer}
}

@Misc{tensorflow,
    author={Google Brain},
    title={Tensorflow Doc},
    url={https://www.tensorflow.org}
}

@Article{rouhiainen2018inteligencia,
  title={Inteligencia artificial},
  author={Rouhiainen, Lasse},
  journal={Madrid: Alienta Editorial},
  year={2018}
}

@Misc{web-audio-api,
	author={MDN contributors},
	title={Web Audio API},
	url={https://developer.mozilla.org/en-US/docs/Web/API/Web_Audio_API}
}

@Misc{analyser-node,
	author={MDN contributors},
	title={Analyser Node Interface},
	url={https://developer.mozilla.org/en-US/docs/Web/API/AnalyserNode}
}

@Mastersthesis{gonzalez2019analisis,
  title={Análisis y comparación de extracción de características en señales de audio},
  author={Isaac González González and others},
  year={2019}
}

@Article{celdran1995torno,
  title={En torno a las vocales del español: análisis y reconocimiento},
  author={Eugenio Martínez Celdrán and others},
  journal={Estudios de fonética experimental},
  pages={195--218},
  year={1995}
}

@Article{gallego1988campos,
  title={Campos de dispersión auditivos de las vocales del castellano. Percepción de las vocales},
  author={Joaquín Romero Gallego},
  journal={Estudios de fonética experimental},
  pages={181--205},
  year={1988}
}
